<?xml version="1.0" encoding="UTF-8"?><collection xmlns="http://www.loc.gov/MARC21/slim"><record><leader>00619nam--2200181-i-4500</leader><controlfield tag="001">000049192</controlfield><controlfield tag="002">20161230</controlfield><controlfield tag="005">20161230201047</controlfield><controlfield tag="008">060222s1000------------r-----000-0-eng-d</controlfield><datafield ind1=" " ind2=" " tag="040"><subfield code="a">IFIN-HH</subfield></datafield><datafield ind1=" " ind2=" " tag="080"><subfield code="a">539.3</subfield></datafield><datafield ind1="1" ind2=" " tag="100"><subfield code="a">Koiter, W.T</subfield></datafield><datafield ind1="1" ind2="0" tag="245"><subfield code="a">The theory of thin elastic shells</subfield><subfield code="b">Proceedings of the symposium on the theory of thin elastic shells (delft, 24-28 august, 1959)</subfield><subfield code="c">W.t. koiter (ed.)</subfield></datafield><datafield ind1=" " ind2=" " tag="260"><subfield code="a">Amsterdam</subfield><subfield code="b">North-holland Publishing Company</subfield><subfield code="c">1960</subfield></datafield><datafield ind1=" " ind2=" " tag="300"><subfield code="a">IX + 496P</subfield></datafield><datafield ind1=" " ind2=" " tag="490"><subfield code="a">Interrnational Union Of Theoretical Andapplied Mechanics</subfield></datafield><datafield ind1=" " ind2=" " tag="852"><subfield code="a">15916</subfield><subfield code="c">539.3</subfield></datafield><datafield ind1=" " ind2=" " tag="CAT"><subfield code="a">Sys</subfield><subfield code="c">20121220</subfield><subfield code="h">144554</subfield></datafield></record></collection>